%YAML 1.1
%TAG !u! tag:unity3d.com,2011:
--- !u!114 &-6584540327849673704
MonoBehaviour:
  m_ObjectHideFlags: 1
  m_CorrespondingSourceObject: {fileID: 0}
  m_PrefabInstance: {fileID: 0}
  m_PrefabAsset: {fileID: 0}
  m_GameObject: {fileID: 0}
  m_Enabled: 1
  m_EditorHideFlags: 0
  m_Script: {fileID: 11500000, guid: 15c38f6fa1940124db1ab7f6fe7268d1, type: 3}
  m_Name: Signal Emitter
  m_EditorClassIdentifier: 
  m_Time: 2.3
  m_Retroactive: 0
  m_EmitOnce: 0
  m_Asset: {fileID: 11400000, guid: 9914fcb88e289f449b3e2a139cd6bbdc, type: 2}
--- !u!114 &-5671757049412848732
MonoBehaviour:
  m_ObjectHideFlags: 1
  m_CorrespondingSourceObject: {fileID: 0}
  m_PrefabInstance: {fileID: 0}
  m_PrefabAsset: {fileID: 0}
  m_GameObject: {fileID: 0}
  m_Enabled: 1
  m_EditorHideFlags: 0
  m_Script: {fileID: 11500000, guid: 2a16748d9461eae46a725db9776d5390, type: 3}
  m_Name: Markers
  m_EditorClassIdentifier: 
  m_Version: 3
  m_AnimClip: {fileID: 0}
  m_Locked: 0
  m_Muted: 0
  m_CustomPlayableFullTypename: 
  m_Curves: {fileID: 0}
  m_Parent: {fileID: 11400000}
  m_Children: []
  m_Clips: []
  m_Markers:
    m_Objects: []
--- !u!114 &-5456813314744518248
MonoBehaviour:
  m_ObjectHideFlags: 1
  m_CorrespondingSourceObject: {fileID: 0}
  m_PrefabInstance: {fileID: 0}
  m_PrefabAsset: {fileID: 0}
  m_GameObject: {fileID: 0}
  m_Enabled: 1
  m_EditorHideFlags: 0
  m_Script: {fileID: 11500000, guid: 15c38f6fa1940124db1ab7f6fe7268d1, type: 3}
  m_Name: Signal Emitter
  m_EditorClassIdentifier: 
  m_Time: 0
  m_Retroactive: 0
  m_EmitOnce: 0
  m_Asset: {fileID: 11400000, guid: 9914fcb88e289f449b3e2a139cd6bbdc, type: 2}
--- !u!114 &-4708762879422323545
MonoBehaviour:
  m_ObjectHideFlags: 1
  m_CorrespondingSourceObject: {fileID: 0}
  m_PrefabInstance: {fileID: 0}
  m_PrefabAsset: {fileID: 0}
  m_GameObject: {fileID: 0}
  m_Enabled: 1
  m_EditorHideFlags: 0
  m_Script: {fileID: 11500000, guid: 15c38f6fa1940124db1ab7f6fe7268d1, type: 3}
  m_Name: Signal Emitter
  m_EditorClassIdentifier: 
  m_Time: 1.3
  m_Retroactive: 0
  m_EmitOnce: 0
  m_Asset: {fileID: 11400000, guid: 9914fcb88e289f449b3e2a139cd6bbdc, type: 2}
--- !u!114 &-4467324431666757552
MonoBehaviour:
  m_ObjectHideFlags: 1
  m_CorrespondingSourceObject: {fileID: 0}
  m_PrefabInstance: {fileID: 0}
  m_PrefabAsset: {fileID: 0}
  m_GameObject: {fileID: 0}
  m_Enabled: 1
  m_EditorHideFlags: 0
  m_Script: {fileID: 11500000, guid: 15c38f6fa1940124db1ab7f6fe7268d1, type: 3}
  m_Name: Signal Emitter
  m_EditorClassIdentifier: 
  m_Time: 8.2
  m_Retroactive: 0
  m_EmitOnce: 0
  m_Asset: {fileID: 11400000, guid: 9914fcb88e289f449b3e2a139cd6bbdc, type: 2}
--- !u!114 &-4019913619154513188
MonoBehaviour:
  m_ObjectHideFlags: 1
  m_CorrespondingSourceObject: {fileID: 0}
  m_PrefabInstance: {fileID: 0}
  m_PrefabAsset: {fileID: 0}
  m_GameObject: {fileID: 0}
  m_Enabled: 1
  m_EditorHideFlags: 0
  m_Script: {fileID: 11500000, guid: 15c38f6fa1940124db1ab7f6fe7268d1, type: 3}
  m_Name: Signal Emitter
  m_EditorClassIdentifier: 
  m_Time: 3.6
  m_Retroactive: 0
  m_EmitOnce: 0
  m_Asset: {fileID: 11400000, guid: 9914fcb88e289f449b3e2a139cd6bbdc, type: 2}
--- !u!114 &-3271182429571631659
MonoBehaviour:
  m_ObjectHideFlags: 1
  m_CorrespondingSourceObject: {fileID: 0}
  m_PrefabInstance: {fileID: 0}
  m_PrefabAsset: {fileID: 0}
  m_GameObject: {fileID: 0}
  m_Enabled: 1
  m_EditorHideFlags: 0
  m_Script: {fileID: 11500000, guid: 15c38f6fa1940124db1ab7f6fe7268d1, type: 3}
  m_Name: Signal Emitter
  m_EditorClassIdentifier: 
  m_Time: 7.8
  m_Retroactive: 0
  m_EmitOnce: 0
  m_Asset: {fileID: 11400000, guid: 9914fcb88e289f449b3e2a139cd6bbdc, type: 2}
--- !u!114 &11400000
MonoBehaviour:
  m_ObjectHideFlags: 0
  m_CorrespondingSourceObject: {fileID: 0}
  m_PrefabInstance: {fileID: 0}
  m_PrefabAsset: {fileID: 0}
  m_GameObject: {fileID: 0}
  m_Enabled: 1
  m_EditorHideFlags: 0
  m_Script: {fileID: 11500000, guid: bfda56da833e2384a9677cd3c976a436, type: 3}
  m_Name: textAnim
  m_EditorClassIdentifier: 
  m_Version: 0
  m_Tracks:
  - {fileID: 1111796594807412057}
  - {fileID: 4115831724673799235}
  m_FixedDuration: 0.30000001192
  m_EditorSettings:
    m_Framerate: 60
  m_DurationMode: 0
  m_MarkerTrack: {fileID: -5671757049412848732}
--- !u!114 &1111796594807412057
MonoBehaviour:
  m_ObjectHideFlags: 1
  m_CorrespondingSourceObject: {fileID: 0}
  m_PrefabInstance: {fileID: 0}
  m_PrefabAsset: {fileID: 0}
  m_GameObject: {fileID: 0}
  m_Enabled: 1
  m_EditorHideFlags: 0
  m_Script: {fileID: 11500000, guid: d21dcc2386d650c4597f3633c75a1f98, type: 3}
  m_Name: Animation Track
  m_EditorClassIdentifier: 
  m_Version: 3
  m_AnimClip: {fileID: 0}
  m_Locked: 0
  m_Muted: 0
  m_CustomPlayableFullTypename: 
  m_Curves: {fileID: 0}
  m_Parent: {fileID: 11400000}
  m_Children: []
  m_Clips: []
  m_Markers:
    m_Objects:
    - {fileID: -5456813314744518248}
    - {fileID: -4708762879422323545}
    - {fileID: -6584540327849673704}
    - {fileID: -4019913619154513188}
    - {fileID: 6526857359896683170}
    - {fileID: 9110153215673770996}
    - {fileID: 8595754727625827749}
    - {fileID: -3271182429571631659}
    - {fileID: -4467324431666757552}
  m_InfiniteClipPreExtrapolation: 0
  m_InfiniteClipPostExtrapolation: 0
  m_InfiniteClipOffsetPosition: {x: 0, y: 0, z: 0}
  m_InfiniteClipOffsetEulerAngles: {x: 0, y: 0, z: 0}
  m_InfiniteClipTimeOffset: 0
  m_InfiniteClipRemoveOffset: 0
  m_InfiniteClipApplyFootIK: 1
  mInfiniteClipLoop: 0
  m_MatchTargetFields: 63
  m_Position: {x: 0, y: 0, z: 0}
  m_EulerAngles: {x: 0, y: 0, z: 0}
  m_AvatarMask: {fileID: 0}
  m_ApplyAvatarMask: 1
  m_TrackOffset: 0
  m_InfiniteClip: {fileID: 0}
  m_OpenClipOffsetRotation: {x: 0, y: 0, z: 0, w: 1}
  m_Rotation: {x: 0, y: 0, z: 0, w: 1}
  m_ApplyOffsets: 0
--- !u!114 &4115831724673799235
MonoBehaviour:
  m_ObjectHideFlags: 1
  m_CorrespondingSourceObject: {fileID: 0}
  m_PrefabInstance: {fileID: 0}
  m_PrefabAsset: {fileID: 0}
  m_GameObject: {fileID: 0}
  m_Enabled: 1
  m_EditorHideFlags: 0
  m_Script: {fileID: 11500000, guid: 15e0374501f39d54eb30235764636e0e, type: 3}
  m_Name: Control Track
  m_EditorClassIdentifier: 
  m_Version: 3
  m_AnimClip: {fileID: 0}
  m_Locked: 0
  m_Muted: 0
  m_CustomPlayableFullTypename: 
  m_Curves: {fileID: 0}
  m_Parent: {fileID: 11400000}
  m_Children: []
  m_Clips: []
  m_Markers:
    m_Objects: []
--- !u!114 &6526857359896683170
MonoBehaviour:
  m_ObjectHideFlags: 1
  m_CorrespondingSourceObject: {fileID: 0}
  m_PrefabInstance: {fileID: 0}
  m_PrefabAsset: {fileID: 0}
  m_GameObject: {fileID: 0}
  m_Enabled: 1
  m_EditorHideFlags: 0
  m_Script: {fileID: 11500000, guid: 15c38f6fa1940124db1ab7f6fe7268d1, type: 3}
  m_Name: Signal Emitter
  m_EditorClassIdentifier: 
  m_Time: 4.2
  m_Retroactive: 0
  m_EmitOnce: 0
  m_Asset: {fileID: 11400000, guid: 9914fcb88e289f449b3e2a139cd6bbdc, type: 2}
--- !u!114 &8595754727625827749
MonoBehaviour:
  m_ObjectHideFlags: 1
  m_CorrespondingSourceObject: {fileID: 0}
  m_PrefabInstance: {fileID: 0}
  m_PrefabAsset: {fileID: 0}
  m_GameObject: {fileID: 0}
  m_Enabled: 1
  m_EditorHideFlags: 0
  m_Script: {fileID: 11500000, guid: 15c38f6fa1940124db1ab7f6fe7268d1, type: 3}
  m_Name: Signal Emitter
  m_EditorClassIdentifier: 
  m_Time: 6.6
  m_Retroactive: 0
  m_EmitOnce: 0
  m_Asset: {fileID: 11400000, guid: 9914fcb88e289f449b3e2a139cd6bbdc, type: 2}
--- !u!114 &9110153215673770996
MonoBehaviour:
  m_ObjectHideFlags: 1
  m_CorrespondingSourceObject: {fileID: 0}
  m_PrefabInstance: {fileID: 0}
  m_PrefabAsset: {fileID: 0}
  m_GameObject: {fileID: 0}
  m_Enabled: 1
  m_EditorHideFlags: 0
  m_Script: {fileID: 11500000, guid: 15c38f6fa1940124db1ab7f6fe7268d1, type: 3}
  m_Name: Signal Emitter
  m_EditorClassIdentifier: 
  m_Time: 5.4
  m_Retroactive: 0
  m_EmitOnce: 0
  m_Asset: {fileID: 11400000, guid: 9914fcb88e289f449b3e2a139cd6bbdc, type: 2}
